<record><leader>00000cas a2200000 a 4500</leader><controlfield tag="001">32942112</controlfield><controlfield tag="008">950809c19909999nyuwr ne      0    0eng c</controlfield><datafield ind1=" " ind2=" " tag="010"><subfield code="a">sn2001061912</subfield></datafield><datafield ind1=" " ind2=" " tag="040"><subfield code="a">WIH</subfield><subfield code="b">eng</subfield><subfield code="c">WIH</subfield><subfield code="d">OCL</subfield><subfield code="d">NYS</subfield><subfield code="d">OCLCQ</subfield><subfield code="d">OCLCF</subfield><subfield code="d">OCLCO</subfield></datafield><datafield ind1="1" ind2=" " tag="029"><subfield code="a">AU@</subfield><subfield code="b">000022597158</subfield></datafield><datafield ind1=" " ind2=" " tag="037"><subfield code="b">Caribbean Life, 1733 Sheepshead Bay Rd., Brooklyn, NY 11235-4400</subfield></datafield><datafield ind1=" " ind2=" " tag="042"><subfield code="a">pcc</subfield></datafield><datafield ind1=" " ind2=" " tag="043"><subfield code="a">n-us-ny</subfield></datafield><datafield ind1="0" ind2=" " tag="130"><subfield code="a">Caribbean life (Brooklyn, N.Y.)</subfield></datafield><datafield ind1="1" ind2="0" tag="245"><subfield code="a">Caribbean life.</subfield></datafield><datafield ind1=" " ind2=" " tag="260"><subfield code="a">Brooklyn, N.Y. :</subfield><subfield code="b">Courier-Life Publications,</subfield><subfield code="c">[1990]-</subfield></datafield><datafield ind1=" " ind2=" " tag="300"><subfield code="a">v. :</subfield><subfield code="b">ill. (some col.) ;</subfield><subfield code="c">38 cm.</subfield></datafield><datafield ind1=" " ind2=" " tag="310"><subfield code="a">Weekly,</subfield><subfield code="b">May, 1997-</subfield></datafield><datafield ind1=" " ind2=" " tag="321"><subfield code="a">Biweekly,</subfield><subfield code="b">1991-1997</subfield></datafield><datafield ind1=" " ind2=" " tag="321"><subfield code="a">Monthly,</subfield><subfield code="b">1990-1991</subfield></datafield><datafield ind1="1" ind2=" " tag="362"><subfield code="a">Began in 1990. Cf. Publishers block.</subfield></datafield><datafield ind1=" " ind2=" " tag="500"><subfield code="a">Published in several eds., including: Brooklyn ed., Manhattan/Bronx/Westchester ed., Queens ed. and National ed.</subfield></datafield><datafield ind1=" " ind2=" " tag="588"><subfield code="a">Description based on: June 27/July 10, 1995; title from caption.</subfield></datafield><datafield ind1=" " ind2=" " tag="588"><subfield code="a">Latest issue consulted: Apr. 3, 2001.</subfield></datafield><datafield ind1=" " ind2="0" tag="650"><subfield code="a">Caribbean Americans</subfield><subfield code="v">Newspapers.</subfield></datafield><datafield ind1=" " ind2="0" tag="651"><subfield code="a">Brooklyn (New York, N.Y.)</subfield><subfield code="v">Newspapers.</subfield></datafield><datafield ind1=" " ind2="0" tag="651"><subfield code="a">Sheepshead Bay (New York, N.Y.)</subfield><subfield code="v">Newspapers.</subfield></datafield><datafield ind1=" " ind2="0" tag="651"><subfield code="a">New York (N.Y.)</subfield><subfield code="v">Newspapers.</subfield></datafield><datafield ind1=" " ind2="0" tag="651"><subfield code="a">Kings County (N.Y.)</subfield><subfield code="v">Newspapers.</subfield></datafield><datafield ind1=" " ind2="7" tag="655"><subfield code="a">Newspapers.</subfield><subfield code="2">fast</subfield><subfield code="0">(OCoLC)fst01423814</subfield></datafield><datafield ind1=" " ind2="7" tag="650"><subfield code="a">Caribbean Americans.</subfield><subfield code="2">fast</subfield><subfield code="0">(OCoLC)fst00847445</subfield></datafield><datafield ind1=" " ind2="7" tag="651"><subfield code="a">New York (State)</subfield><subfield code="z">Kings County.</subfield><subfield code="2">fast</subfield><subfield code="0">(OCoLC)fst01220099</subfield></datafield><datafield ind1=" " ind2="7" tag="651"><subfield code="a">New York (State)</subfield><subfield code="z">New York.</subfield><subfield code="2">fast</subfield><subfield code="0">(OCoLC)fst01204333</subfield></datafield><datafield ind1=" " ind2="7" tag="651"><subfield code="a">New York (State)</subfield><subfield code="z">New York</subfield><subfield code="z">Brooklyn.</subfield><subfield code="2">fast</subfield><subfield code="0">(OCoLC)fst01312516</subfield></datafield><datafield ind1=" " ind2="7" tag="651"><subfield code="a">New York (State)</subfield><subfield code="z">New York</subfield><subfield code="z">Sheepshead Bay.</subfield><subfield code="2">fast</subfield><subfield code="0">(OCoLC)fst01323459</subfield></datafield><datafield ind1=" " ind2=" " tag="752"><subfield code="a">United States</subfield><subfield code="b">New York</subfield><subfield code="c">Kings</subfield><subfield code="d">Brooklyn (New York, N.Y.)</subfield></datafield><datafield ind1=" " ind2=" " tag="752"><subfield code="a">United States</subfield><subfield code="b">New York</subfield><subfield code="d">New York.</subfield></datafield></record>